<record><leader>00000cas a22000007a 4500</leader><controlfield tag="001">13832961</controlfield><controlfield tag="008">860708d18601863dcuwr ne      0    0eng d</controlfield><datafield ind1=" " ind2=" " tag="010"><subfield code="a">sn 86053554 </subfield></datafield><datafield ind1=" " ind2=" " tag="040"><subfield code="a">NPX</subfield><subfield code="b">eng</subfield><subfield code="c">NPX</subfield><subfield code="d">MFN</subfield><subfield code="d">MGN</subfield><subfield code="d">NVJ</subfield><subfield code="d">DLC</subfield><subfield code="d">OCLCQ</subfield></datafield><datafield ind1=" " ind2=" " tag="042"><subfield code="a">msc</subfield></datafield><datafield ind1="0" ind2=" " tag="130"><subfield code="a">National Republican (Washington, D.C. : Weekly)</subfield></datafield><datafield ind1="1" ind2="0" tag="245"><subfield code="a">National Republican.</subfield></datafield><datafield ind1=" " ind2=" " tag="260"><subfield code="a">Washington, D.C. :</subfield><subfield code="b">W.J. Murtagh &amp; Co.</subfield></datafield><datafield ind1=" " ind2=" " tag="300"><subfield code="a">v.</subfield></datafield><datafield ind1=" " ind2=" " tag="310"><subfield code="a">Weekly</subfield></datafield><datafield ind1="1" ind2=" " tag="362"><subfield code="a">Began in Dec. 1860; ceased in 1863.</subfield></datafield><datafield ind1=" " ind2=" " tag="588"><subfield code="a">Description based on: Vol. 1, no. 38 (Sept. 6, 1861).</subfield></datafield><datafield ind1=" " ind2=" " tag="752"><subfield code="a">United States</subfield><subfield code="b">District of Columbia</subfield><subfield code="d">Washington.</subfield></datafield><datafield ind1="0" ind2=" " tag="775"><subfield code="t">National Republican (Washington, D.C. : Daily)</subfield><subfield code="x">2158-8899</subfield><subfield code="w">(DLC)sn 82014760</subfield><subfield code="w">(OCoLC)8791688</subfield></datafield><datafield ind1="0" ind2="0" tag="785"><subfield code="t">Weekly national Republican (Washington, D.C. : 1863)</subfield><subfield code="w">(DLC)sn 82014096</subfield></datafield></record>